<record><leader>00000cas a22000007a 4500</leader><controlfield tag="001">17420078</controlfield><controlfield tag="008">880202d18711872ohuwr ne      0    0eng d</controlfield><datafield ind1=" " ind2=" " tag="010"><subfield code="a">sn 88077110 </subfield></datafield><datafield ind1=" " ind2=" " tag="040"><subfield code="a">ONP</subfield><subfield code="b">eng</subfield><subfield code="c">ONP</subfield><subfield code="d">OCLCQ</subfield></datafield><datafield ind1=" " ind2=" " tag="042"><subfield code="a">msc</subfield></datafield><datafield ind1="0" ind2=" " tag="130"><subfield code="a">Miami County Democrat (Piqua, Ohio : 1871)</subfield></datafield><datafield ind1="1" ind2="4" tag="245"><subfield code="a">The Miami County Democrat.</subfield></datafield><datafield ind1=" " ind2=" " tag="260"><subfield code="a">Piqua, Ohio :</subfield><subfield code="b">Cole &amp; Jackson</subfield></datafield><datafield ind1=" " ind2=" " tag="310"><subfield code="a">Weekly</subfield></datafield><datafield ind1="1" ind2=" " tag="362"><subfield code="a">Began in 1871; ceased in 1872?</subfield></datafield><datafield ind1=" " ind2=" " tag="588"><subfield code="a">Description based on: Vol. 9, no. 8 (Aug. 28, 1872).</subfield></datafield><datafield ind1=" " ind2=" " tag="752"><subfield code="a">United States</subfield><subfield code="b">Ohio</subfield><subfield code="c">Miami</subfield><subfield code="d">Piqua.</subfield></datafield><datafield ind1="0" ind2="0" tag="780"><subfield code="t">Piqua Democrat</subfield><subfield code="w">(DLC)sn 88077109</subfield></datafield><datafield ind1="0" ind2="0" tag="785"><subfield code="t">Miami Democrat (Piqua, Ohio : 1873)</subfield><subfield code="w">(DLC)sn 85026196</subfield></datafield></record>